@article{metaxian2020migration,
  title="{Migration of seismic activity associated with phreatic eruption at Merapi volcano, Indonesia}",
  author="M{\'e}taxian, Jean-Philippe and Santoso, Agus Budi and Caudron, Corentin and Cholik, Noer and Labonne, Claire and Poiata, Natalia and Beauducel, Fran{\c{c}}ois and Monteiller, Vadim and Fahmi, Ahmad Ali and Rizal, Mochammad-Husni and others",
  journal="Journal of Volcanology and Geothermal Research",
  pages="106795",
  year="2020",
  publisher="Elsevier"
}

@article{byrdina2017geophysical,
  title="{Geophysical image of the hydrothermal system of Merapi volcano}",
  author="Byrdina, Svetlana and Friedel, S and Vandemeulebrouck, J and Budi-Santoso, A and Suryanto, W and Rizal, M H and Winata, E and others",
  journal="Journal of Volcanology and Geothermal Research",
  volume="329",
  pages="30--40",
  year="2017",
  publisher="Elsevier"
}

@inproceedings{rizal2015application,
  title="{Application of Double-Difference Method to Relocate Microearthquake Hypocenter in Wayang Windu Geothermal Field}",
  author="Rizal, Mochammad-Husni and Suyanto, I and Wicaksono, RA",
  booktitle="77th EAGE Conference and Exhibition 2015",
  volume="2015",
  number="1",
  pages="1--3",
  year="2015",
  organization="European Association of Geoscientists \& Engineers"
}
